4476 5550
1012 261 1212 355 ..Η--

206 447 297 531 prior
312 465 426 511 rasura
443 446 542 511 trium
563 445 631 512 fere
650 446 832 512 litterarum
855 445 957 510 videri
979 447 1082 529 possit
1107 469 1221 512 manus
1246 446 1383 530 primae3
1412 447 1574 531 posterior
1599 451 1737 532 utraque
1760 450 1879 514 tertiae
1902 470 2025 531 manus,

208 569 291 635 qnae
311 552 332 613 ϋ
354 554 386 613 et
411 543 429 613 ό
450 549 613 633 imposuit,
634 555 774 615 veterem
795 555 926 615 acutum
948 570 1047 632 supra
1067 573 1086 633 ρ
1107 551 1257 634 neglexit.
1279 588 1318 598 —

360 651 462 717 Video
480 673 668 738 scruposam
690 675 741 719 me
761 654 916 718 institisse
936 653 1021 718 viam
1042 658 1088 734 et,
1121 655 1149 720 si
1169 674 1302 738 pergam
1326 653 1361 717 in
1384 651 1578 718 adnotandis
1599 657 1668 718 tam
1687 655 1851 721 enucleate
1871 656 2027 739 omnibus,

210 776 294 839 quae
316 756 391 821 sciri
414 761 556 839 oportet,
584 763 757 839 antequam
787 755 827 823 de
852 757 1042 839 cognatione
1070 757 1207 823 aliorum
1227 757 1383 822 libromm
1400 775 1473 821 cum
1488 756 1705 822 Laurentiano
1722 758 1874 825 iudicium
1893 760 2027 842 feratur,

208 860 402 943 longiorem,
434 881 531 942 quam
550 861 695 943 opusculi
716 861 810 926 huius
831 860 950 925 limites
971 862 1139 926 constituti
1161 862 1229 927 sine
1248 858 1450 925 incommodo
1473 864 1531 924 aut
1554 860 1725 945 dispendio
1746 864 1923 945 patiuntur.
1965 865 2027 930 ita-

209 984 272 1047 que
291 962 387 1029 finem
408 964 526 1030 faciam
544 963 710 1048 scriptioni
730 984 795 1028 non
812 964 906 1029 nimis
928 964 1115 1048 auspicatae
1135 971 1167 1030 et
1186 964 1272 1049 quod
1293 961 1428 1028 subduci
1445 969 1553 1046 potest
1571 964 1645 1031 huic
1662 966 1821 1049 plagulae,
1843 973 2028 1033 convertam

210 1067 252 1132 ad
275 1068 483 1133 retractanda
501 1069 674 1152 quaedam,
711 1089 793 1150 quae
814 1088 912 1151 supra
931 1068 1036 1133 minue
1052 1072 1140 1133 recte
1156 1067 1280 1152 scripta
1296 1073 1371 1133 eunt
1389 1072 1606 1152 poteruntque
1626 1070 1764 1134 iudicari
1783 1068 1833 1134 vel
1853 1072 1922 1136 sine
1938 1072 2028 1137 rolu-

210 1172 294 1236 minc
314 1171 500 1238 Oxoniensi:
530 1194 605 1238 nam
631 1192 715 1256 quae
743 1172 805 1237 nisi
830 1172 977 1238 adhibito
1004 1171 1060 1236 illo
1089 1193 1183 1236 usum
1209 1171 1306 1255 plane
1327 1191 1390 1235 non
1411 1170 1546 1252 habent,
1577 1171 1766 1238 differentur
1786 1171 1863 1238 dum
1883 1174 2027 1258 prodibit

211 1296 284 1340 cum
303 1274 504 1360 praefatione
525 1275 738 1355 adstrictiore,
762 1274 850 1359 quod
871 1274 927 1340 fiet
946 1295 1055 1340 mense
1072 1274 1176 1358 Aprili
1200 1275 1277 1339 anni
1292 1274 1405 1339 LXXI.

364 1380 454 1458 Quae
477 1401 507 1463 p.
525 1384 546 1443 4
568 1377 608 1444 de
628 1379 752 1444 lacunis
772 1379 1019 1463 Agamemnonis
1036 1378 1165 1461 scripsi,
1194 1383 1347 1461 poterant
1366 1379 1521 1444 intentius
1541 1379 1694 1463 perquiri.
1736 1399 1801 1444 non
1820 1380 2027 1446 memineram

210 1484 369 1549 lemmatis
387 1481 580 1566 Hesychiani
602 1469 906 1567 Προοαιθρίζονοα,
937 1482 1025 1567 quod
1047 1482 1090 1547 ad
1109 1483 1383 1567 Clytaemnestrae
1403 1484 1622 1548 narrationem
1643 1488 1828 1548 revocatum
1847 1490 1896 1550 est
1913 1484 2025 1549 aDin-

211 1586 326 1667 dorfio,
357 1586 527 1670 potuitque
550 1586 695 1671 profecto
717 1587 828 1652 eodem
846 1586 957 1666 modo,
990 1607 1055 1668 quo
1073 1586 1260 1670 Supplicum
1282 1606 1391 1651 versus
1415 1592 1474 1651 741
1498 1608 1592 1670 pars,
1622 1587 1713 1652 cuius
1736 1591 1862 1670 partem
1883 1588 2022 1671 priorem

209 1690 402 1756 Plutarchus
431 1711 575 1757 servasse
603 1691 742 1772 videtur,
774 1693 808 1757 in
833 1692 1008 1774 archetypo
1036 1689 1237 1755 intercidere.
1280 1689 1337 1756 sed
1359 1690 1543 1757 Dindorfius
1565 1712 1635 1757 eam
1654 1691 1803 1756 lacunam
1819 1691 2022 1756 vetustiorem

210 1797 394 1880 suspicatur
416 1800 448 1859 et
471 1795 632 1877 expletam
661 1816 730 1860 esse
747 1817 841 1861 versu
864 1800 926 1861 286
949 1795 988 1860 Η.
1033 1793 1202 1877 displicere
1227 1798 1347 1877 potest,
1378 1794 1465 1878 quod
1489 1796 1536 1861 ita
1562 1795 1667 1861 tribus
1695 1794 1840 1861 versibus
1866 1793 2023 1859 continuis

210 1901 349 1967 recurrit
374 1898 505 1979 πομποῦ
530 1894 646 1981 πυρός,
662 1896 765 1984 ,φάος
783 1898 1004 1984 τηλέπομπον,
1036 1893 1202 1980 πόμπιμον
1225 1894 1340 1982 φλόγα.
1383 1920 1445 1965 van
1461 1899 1621 1965 Heusdius
1647 1900 1796 1964 lacunam
1817 1903 1893 1982 post
1911 1919 1937 1961 r.
1962 1901 2025 1961 274

210 2004 403 2082 informavit,
422 2001 472 2066 vel
495 1989 605 2085 potius
625 2005 784 2087 cognovit,
807 2004 1013 2069 obscuratam
1035 2001 1257 2066 emendatione
1277 2001 1452 2066 Hermanni
1475 2004 1596 2090 σκοπῷ,
1619 2025 1684 2086 qua
1705 2001 1941 2087 magnificentia
1962 2000 2025 2066 loci

211 2107 407 2173 debilitatur.
450 2126 560 2171 verum
586 2105 649 2171 hoc
671 2128 784 2173 censeo
813 2112 947 2191 propter
968 2107 1158 2172 lacunamm
1179 2105 1381 2190 quarundam
1406 2107 1525 2172 indicia
1548 2109 1581 2172 in
1608 2108 1679 2191 ipsa
1700 2107 1757 2172 illa
1778 2110 1871 2190 parte
1892 2103 2024 2170 fabulae

210 2213 334 2308 priore,¹
350 2231 433 2293 quae
455 2211 666 2293 neglexeram.
710 2210 811 2277 distat
831 2211 885 2276 hic
904 2231 1015 2275 versus
1034 2214 1097 2275 274
1116 2209 1259 2275 versibus
1276 2211 1449 2291 DCCXVI,
1473 2233 1609 2296 quorum
1631 2211 1752 2278 XXXX
1771 2211 1805 2275 in
1819 2208 1927 2275 codice
1951 2209 2023 2274 Flo·

209 2315 335 2381 rentino
356 2315 508 2398 geminati
530 2320 611 2395 sunt,
631 2335 652 2379 a
668 2315 784 2380 lacuna
803 2337 831 2380 r.
850 2319 927 2394 972,
948 2334 1031 2399 quae
1051 2314 1098 2378 ita
1116 2313 1183 2379 fere
1202 2313 1314 2380 habet:

766 2417 813 2472 aul
830 2415 933 2486 πότμος
953 2413 1121 2482 εὐθυπορῶν
1141 2411 1244 2483 ἀνδρὸς
1262 2439 1484 2469 -----

763 2534 797 2543 -
815 2533 849 2543 -
867 2524 892 2553 υ
908 2534 942 2543 -
964 2497 1091 2571 ἄφαντον
1109 2496 1178 2566 ἕρμα
1195 2532 1244 2567 -,

201 2591 368 2676 ¹siquidem
386 2592 421 2656 in
438 2591 642 2675 antistropha
661 2591 710 2655 ita
727 2590 827 2656 irrisae
848 2590 924 2655 olim
945 2588 1159 2654 demonstrari
1178 2591 1307 2671 poterit,

764 2689 830 2746 οὐδὲ
844 2691 893 2746 τὸν
911 2689 1040 2761 ὀρθοδαῆ
1055 2687 1078 2759 γ’
1095 2687 1255 2759 dependam
1269 2696 1407 2764 (Hesych.)
1425 2692 1520 2749 rivaret

770 2777 837 2843 Ζεὺς
856 2771 917 2833 αὖτ’
934 2773 1028 2834 lnuuo'
1048 2772 1089 2830 ἐπ’
1107 2772 1244 2849 εὐλαβείᾳ.

210 2875 283 2936 utut
306 2867 513 2934 iudicandum
542 2867 604 2931 erit
630 2867 670 2932 de
697 2868 765 2933 eius
792 2865 912 2932 codicis
937 2865 1099 2931 chartacei
1123 2865 1328 2946 colometria,
1359 2874 1433 2932 sunt
1455 2873 1542 2933 certe
1563 2869 1700 2952 paginae
1721 2866 1842 2934 codicis
1859 2864 2024 2948 archetypi

210 2974 320 3039 XVIII
337 2972 533 3038 tricenomm
551 2990 710 3051 senorum,
745 2978 812 3037 tres
834 2972 1031 3036 tricenomm
1052 2969 1221 3054 quinorum
1236 2990 1392 3035 versuum.
1435 2971 1500 3035 iam
1518 2994 1592 3037 vero
1615 2974 1642 3038 si
1664 2995 1685 3038 a
1702 2994 1796 3039 versu
1816 2976 1877 3036 275
1899 2970 2023 3052 inipso

211 3078 307 3142 Laur.
325 3074 519 3158 regrediaris
541 3073 685 3139 versibus
703 3081 818 3157 quater
840 3074 1003 3154 XXXVII,
1022 3096 1043 3140 a
1060 3096 1091 3158 p·
1113 3077 1162 3152 32,
1187 3077 1227 3137 22
1249 3073 1291 3137 ad
1309 3074 1446 3157 paginae
1469 3079 1508 3139 29
1530 3075 1657 3141 initium
1678 3079 1754 3162 (136
1775 3077 1830 3159 Η),
1851 3073 2028 3157 deprehen-

199 3179 268 3244 ·des
289 3184 363 3264 post
379 3178 477 3244 verba
498 3175 643 3261 ξύμβολα
664 3179 783 3261 κρᾶναι
804 3179 838 3244 in
862 3180 934 3262 ipsa
963 3177 1067 3262 epodo
1093 3177 1282 3242 difficillima
1303 3178 1452 3243 nonnam
1478 3179 1623 3244 relictam
1652 3202 1673 3245 a
1699 3179 1813 3246 scriba.
1856 3197 1921 3244 non
1947 3183 2025 3262 puto

211 3284 307 3350 hodie
325 3283 501 3367 quidquam
520 3283 643 3362 deesse,
671 3282 727 3347 sed
748 3288 785 3348 ut
806 3283 840 3347 in
858 3284 1028 3349 Persarum
1052 3281 1261 3347 adnotatione
1286 3303 1316 3364 p.
1338 3286 1379 3346 48
1406 3280 1531 3348 duobus
1554 3283 1633 3349 locis
1655 3284 1776 3349 factum
1799 3279 2022 3357 demonstrari,

211 3388 346 3453 lacunae
368 3386 515 3470 expletae
533 3388 686 3453 indicium
707 3386 837 3451 servari.
881 3388 970 3452 ouius
987 3386 1035 3452 rei
1053 3387 1086 3450 in
1107 3387 1176 3470 ipso
1197 3386 1412 3451 Laurentiano
1436 3387 1615 3471 exemplum
1641 3385 1792 3466 habebis,
1822 3387 1851 3452 si
1871 3403 1978 3451 rursus
2000 3401 2021 3446 a

209 3514 237 3556 v.
262 3495 336 3570 137,
362 3491 455 3555 Laur.
481 3512 512 3574 p.
534 3495 617 3571 29,1
650 3489 831 3555 ascenderis
851 3490 994 3556 versibus
1020 3489 1157 3557 XXXVI
1180 3490 1223 3555 ad
1248 3490 1342 3555 Laur.
1372 3494 1497 3571 28,10:
1535 3492 1675 3575 reperies
1711 3511 1822 3556 versus
1850 3485 2020 3553 Hermanni

213 3599 380 3674 110‚111,
412 3594 619 3659 Laurentiani
645 3599 710 3659 tres
736 3598 891 3674 9,10,11
921 3595 1059 3677 scriptos
1081 3616 1101 3659 a
1125 3615 1223 3660 manu
1248 3594 1387 3659 secunda
1410 3595 1444 3659 in
1466 3595 1583 3660 lacuna
1608 3616 1629 3660 a
1655 3594 1761 3678 prima
1786 3592 1904 3658 relicta.
1946 3588 2021 3654 inde

210 3719 321 3764 rursus
342 3696 486 3762 versibus
509 3697 562 3776 CI,
584 3696 639 3781 qui
664 3701 738 3763 sunt
761 3697 926 3781 archetypi
945 3699 1082 3782 paginae
1101 3706 1167 3764 tres
1183 3699 1377 3763 tricenorum
1395 3703 1624 3780 quaternorum
1642 3718 1798 3776 versuum,
1815 3695 1914 3761 distat
1932 3693 2024 3758 locus

210 3802 265 3868 ille
286 3822 315 3865 v.
334 3805 373 3865 14
395 3800 434 3881 Η,
457 3800 664 3866 difficillimus
686 3821 749 3866 non
772 3822 835 3866 uno
856 3802 991 3882 nomine,
1011 3791 1073 3866 εὖτ’
1095 3797 1138 3864 ἄν
1159 3801 1193 3865 de
1215 3797 1338 3883 -ἔχω
1368 3795 1467 3885 εὐνὴν
1485 3839 1527 3850 -
1549 3799 1638 3886 ἐμήν.
1681 3819 1826 3867 versuum
1847 3799 1970 3863 numeri
1992 3799 2025 3863 in
2048 3888 2049 3892 Ἰ

210 3906 261 3971 his
279 3905 406 3989 paginis
427 3905 566 3970 varietas
586 3910 672 3970 certe
692 3927 755 3970 non
777 3910 826 3970 est
846 3905 961 3985 maior,
992 3926 1089 3989 quam
1109 3905 1142 3969 in
1159 3905 1268 3984 Lana,
1295 3905 1351 3987 qui
1375 3906 1486 3990 primis
1513 3903 1638 3971 duabus
1659 3902 1903 3990 Agamemnonis
1925 3902 2026 3968 habet

210 4009 398 4088 XXXXIII,
431 4009 577 4091 proxima
597 4008 801 4088 XXXXIIII,
834 4014 951 4091 quarta
972 4007 1132 4073 XXXXV.
1175 4007 1231 4073 sed
1261 4008 1362 4074 desini
1388 4011 1510 4094 poterit
1534 4011 1568 4074 in
1590 4009 1645 4074 illo
1668 4031 1695 4073 v.
1725 4013 1764 4073 14
1790 4005 2026 4072 emendationes

213 4113 399 4199 perichtari,
417 4112 513 4177 etiarn
531 4115 559 4178 si
574 4112 706 4179 lacunas
726 4113 897 4196 proximas,
916 4113 1052 4177 alteram
1070 4112 1157 4176 casui
1176 4111 1319 4194 fortuito,
1334 4115 1470 4180 alteram
1487 4115 1516 4179 ei
1535 4112 1629 4193 libro,
1648 4112 1734 4177 unde
1751 4108 1919 4175 novissime
1933 4110 2027 4176 Laur.

212 4224 261 4286 est
279 4218 467 4301 descriptus,
487 4217 655 4283 attribuas.
697 4237 836 4299 namque
862 4237 883 4281 a
909 4238 937 4280 v.
958 4222 997 4282 14
1019 4214 1062 4281 ad
1082 4220 1145 4279 274
1164 4215 1195 4279 Η
1212 4222 1286 4284 sunt
1308 4218 1341 4283 in
1357 4218 1451 4282 Laur.
1472 4238 1581 4282 versus
1604 4211 1862 4292 CCLXXXVIII,
1890 4214 2027 4297 paginae

210 4321 378 4406 archetypi
400 4327 473 4387 octo
491 4342 640 4387 versuum
661 4321 859 4386 tricenorum
880 4341 1038 4385 senorum.
1081 4319 1207 4385 accedit
1231 4319 1325 4400 adeo,
1359 4326 1396 4386 ut
1418 4319 1460 4386 ab
1487 4320 1603 4385 lacuna
1628 4320 1798 4384 Persarum
1823 4337 1853 4380 v.
1877 4321 1939 4382 893
1964 4318 2027 4383 sint

210 4425 359 4493 versiculi
378 4425 412 4489 in
433 4425 527 4490 Laur.
547 4423 700 4505 CLXXV,
720 4425 856 4509 paginae
873 4424 1041 4508 archetypi
1065 4429 1187 4507 septem
1206 4444 1354 4489 versuum
1375 4423 1571 4489 tricenorum
1589 4423 1773 4507 quinorum3
1801 4419 1829 4485 ei
1849 4420 2029 4506 inscriptio-

209 4550 283 4599 nem
301 4530 549 4613 Agamemnonis
569 4533 602 4594 et
620 4551 755 4610 versum,
776 4528 832 4611 qui
851 4528 956 4612 periit,
976 4547 1159 4608 accenseas,
1182 4548 1339 4593 senorum.

361 4632 412 4699 Ad
429 4632 517 4698 locos
537 4652 618 4716 quos
640 4633 813 4718 perscripsi
834 4653 865 4715 p.
890 4637 907 4696 7
930 4630 991 4697 sub
1011 4630 1114 4712 finem,
1131 4634 1303 4699 Deuteron.
1320 4636 1354 4697 et
1368 4631 1456 4712 Xen,
1477 4631 1600 4698 adicias
1619 4629 1713 4694 velim
1727 4626 1846 4693 Herod.
1861 4626 1962 4708 VIIII,
1978 4632 2031 4693 81.

361 4734 547 4802 Scribebam
565 4757 673 4803 mense
695 4738 770 4802 Dec.
793 4735 886 4801 LXX.

1596 4837 1633 4901 R.
1661 4832 1826 4900 Merkel
